@book{Aberson2010,
   author = {Aberson, Christopher L.},
   title = {Applied power analysis for the behavioral sciences},
   publisher = {Routledge,},
   address = {New York},
   pages = {xiv, 257 p.},
   year = {2010},
   type = {Book}
}

@book{Cohen1988,
   author = {Cohen, J.},
   title = {Statistical Power Analysis for the Behavioral Sciences},
   publisher = {Laurence Erlbaum Associates},
   address = {New York},
   ISBN = {9781134742707},
   year = {1988},
   type = {Book}
}

@book{David1938,
   author = {David, F.N.},
   title = {Tables of the ordinates and probability integral of the distribution of the correlation in small samples},
   publisher = {Biometrika},
   address = {London},
   url = {https://books.google.com.au/books?id=oCa2AAAAIAAJ},
   year = {1938},
   type = {Book}
}

@article{Diedenhofen2015,
   author = {Diedenhofen, B. and Musch, J.},
   title = {cocor: a comprehensive solution for the statistical comparison of correlations},
   journal = {PLoS One},
   volume = {10},
   number = {3},
   pages = {e0121945},
   ISSN = {1932-6203},
   DOI = {10.1371/journal.pone.0121945},
   year = {2015},
   type = {Journal Article}
}

@book{Efron1993,
   author = {Efron, Bradley and Tibshirani, Robert},
   title = {An introduction to the bootstrap},
   publisher = {Chapman & Hall},
   address = {New York},
   series = {Monographs on statistics and applied probability},
   pages = {xvi, 436 p.},
   ISBN = {0412042312},
   year = {1993},
   type = {Book}
}

@article{Fisher1915,
   author = {Fisher, R. A.},
   title = {Frequency Distribution Of The Values Of The Correlation Coeffients In Samples From An Indefinitely Large Popultion},
   journal = {Biometrika},
   volume = {10},
   number = {4},
   pages = {507-521},
   ISSN = {0006-3444},
   DOI = {10.1093/biomet/10.4.507},
   url = {http://dx.doi.org/10.1093/biomet/10.4.507},
   year = {1915},
   type = {Journal Article}
}