@article{ Barber2013,
   author = {Barber, B. E. and William, T. and Grigg, M. J. and Menon, J. and Auburn, S. and Marfurt, J. and Anstey, N. M. and Yeo, T. W.},
   title = {A prospective comparative study of knowlesi, falciparum, and vivax malaria in Sabah, Malaysia: high proportion with severe disease from Plasmodium knowlesi and Plasmodium vivax but no mortality with early referral and artesunate therapy},
   journal = {Clin Infect Dis},
   volume = {56},
   number = {3},
   pages = {383-97},
   year = {2013},
   type = {Journal Article}