@article{ Marsh1995,
   author = {Marsh, K. and Forster, D. and Waruiru, C. and Mwangi, I. and Winstanley, M. and Marsh, V. and Newton, C. and Winstanley, P. and Warn, P. and Peshu, N. and et al.},
   title = {Indicators of life-threatening malaria in African children},
   journal = {N Engl J Med},
   volume = {332},
   number = {21},
   pages = {1399-404},
   year = {1995},
   type = {Journal Article}
}


@article{Quinine,
   author = {Achan, Jane and Talisuna, Ambrose O. and Erhart, Annette and Yeka, Adoke and Tibenderana, James K. and Baliraine, Frederick N. and Rosenthal, Philip J. and D'Alessandro, Umberto},
   title = {Quinine, an old anti-malarial drug in a modern world: role in the treatment of malaria},
   journal = {Malaria Journal},
   volume = {10},
   pages = {144-144},
   year = {2011},
   type = {Journal Article}
}


@article{ Andersen2011,
   author = {Andersen, Finn and Douglas, Nick M. and Bustos, Dorina and Galappaththy, Gawrie and Gao, Qi and Hsiang, Michelle S. and Kusriastuti, Rita and Mendis, Kamini and Taleo, George and Whittaker, Maxine and Price, Ric N. and von Seidlein, Lorenz},
   title = {Trends in malaria research in 11 Asian Pacific countries: an analysis of peer-reviewed publications over two decades},
   journal = {Malaria Journal},
   volume = {10},
   number = {Suppl 1},
   pages = {131-137},
   year = {2011},
   type = {Journal Article}
}

@article{Anstey2012,
   author = {Anstey, N. M. and Douglas, N. M. and Poespoprodjo, J. R. and Price, R. N.},
   title = {Plasmodium vivax: clinical spectrum, risk factors and pathogenesis},
   journal = {Adv Parasitol},
   volume = {80},
   pages = {151-201},
   year = {2012},
   type = {Journal Article}
}

@article{ Artemisinin2005,
   author = {Ashley, E. A. and White, N. J.},
   title = {Artemisinin-based combinations},
   journal = {Curr Opin Infect Dis},
   volume = {18},
   number = {6},
   pages = {531-6},
   year = {2005},
   type = {Journal Article}
}


@article{ reappraisal,
   title = {Reappraisal of known malaria resistance loci in a large multicenter study},
   journal = {Nat Genet},
   volume = {46},
   number = {11},
   pages = {1197-204},
   year = {2014},
   type = {Journal Article}
}

@article{ Baird2007,
   author = {Baird, J. Kevin.},
   title = {Neglect of Plasmodium vivax malaria},
   journal = {Trends Parasitol},
   volume = {23},
   number = {11},
   pages = {533-9},
   year = {2007},
   type = {Journal Article}
}

@article{ Baird2011,
   author = {Baird, J. K.},
   title = {Resistance to chloroquine unhinges vivax malaria therapeutics},
   journal = {Antimicrob Agents Chemother},
   volume = {55},
   number = {5},
   pages = {1827–1830},   
   year = {2011},
   type = {Journal Article}
}


@article{ Baird1991,
   author = {Baird, J. K. and Basri, H. and Purnomo and Bangs, M. J. and Subianto, B. and Patchen, L. C. and Hoffman, S. L.},
   title = {Resistance to chloroquine by Plasmodium vivax in Irian Jaya, Indonesia},
   journal = {Am J Trop Med Hyg},
   volume = {44},
   number = {5},
   pages = {547-52},
   year = {1991},
   type = {Journal Article}
}

@article{ Barcus2007,
   author = {Barcus, M. J. and Basri, H. and Picarima, H. and Manyakori, C. and Sekartuti and Elyazar, I. and Bangs, M. J. and Maguire, J. D. and Baird, J. K.},
   title = {Demographic risk factors for severe and fatal vivax and falciparum malaria among hospital admissions in northeastern Indonesian Papua},
   journal = {Am J Trop Med Hyg},
   volume = {77},
   number = {5},
   pages = {984-91},
   year = {2007},
   type = {Journal Article}
}

@article{ Battle2014,
   author = {Battle, Katherine E. and Karhunen, Markku S. and Bhatt, Samir and Gething, Peter W. and Howes, Rosalind E. and Golding, Nick and Van Boeckel, Thomas P. and Messina, Jane P. and Shanks, G. Dennis and Smith, David L. and Baird, J. Kevin and Hay, Simon I.},
   title = {Geographical variation in Plasmodium vivax relapse},
   journal = {Malaria Journal},
   volume = {13},
   pages = {144-144},
   year = {2014},
   type = {Journal Article}
}


@article{ Bergmann2000,
   author = {Bergmann, Reinhard and Ludbrook, John and Spooren, Will P. J. M.},
   title = {Different Outcomes of the Wilcoxon-Mann-Whitney Test from Different Statistics Packages},
   journal = {The American Statistician},
   volume = {54},
   number = {1},
   pages = {72-77},
   year = {2000},
   type = {Journal Article}
}

@article{ Betuela2012,
   author = {Betuela, I. and Maraga, S. and Hetzel, M. W. and Tandrapah, T. and Sie, A. and Yala, S. and Kundi, J. and Siba, P. and Reeder, J. C. and Mueller, I.},
   title = {Epidemiology of malaria in the Papua New Guinean highlands},
   journal = {Trop Med Int Health},
   volume = {17},
   number = {10},
   pages = {1181-91},
   year = {2012},
   type = {Journal Article}
}

@misc{ color,
   author = {Brewer, C},
   title = {ColorBrewer2.org, accessed: 25 August 2015; available: http://ColorBrewer2.org},
   year = {2013},
   type = {Web Page}
}


@article{ Carter2003,
   author = {Carter, R.},
   title = {Speculations on the origins of Plasmodium vivax malaria},
   journal = {Trends Parasitol},
   volume = {19},
   number = {5},
   pages = {214-9},
   year = {2003},
   type = {Journal Article}
}

@book{ Casman2002,
   author = {Casman, Elizabeth A. and Dowlatabadi, Hadi},
   title = {The contextual determinants of malaria},
   publisher = {Resources for the Future},
   year = {2002},
   type = {Book}
}

@book{ Clayton2013,
   author = {Clayton, David and Hills, Michael},
   title = {Statistical models in epidemiology},
   publisher = {Oxford University Press},
   address = {Oxford ; New York},
   year = {2013},
   type = {Book}
}

@book{ Cleves2010,
   author = {Cleves, M.},
   title = {An Introduction to Survival Analysis Using Stata, Third Edition},
   publisher = {Stata Press},
   year = {2010},
   type = {Book}
}

@book{ Cook2009,
   author = {Cook, G. C. and Zumla, Alimuddin and Manson, Patrick},
   title = {Manson's tropical diseases},
   publisher = {Saunders},
   address = {Philadelphia},
   year = {2009},
   edition = {22nd},
   type = {Book}
}

@article{ Dondorp2005,
   author = {Dondorp, A. and Nosten, F. and Stepniewska, K. and Day, N. and White, N.},
   title = {Artesunate versus quinine for treatment of severe falciparum malaria: a randomised trial},
   journal = {Lancet},
   volume = {366},
   number = {9487},
   pages = {717-25},
   year = {2005},
   type = {Journal Article}
}

@phdthesis{ DouglasThesis,
   author = {Douglas, Nicholas Martin},
   title = {Morbidity and mortality due to Plasmodium vivax malaria in Papua\, Indonesia and its control using antimalarial drugs},
   university = {University of Oxford},
   year = {2011},
   type = {Thesis}
}

@article{ Douglas2013,
   author = {Douglas, N. M. and Lampah, D. A. and Kenangalem, E. and Simpson, J. A. and Poespoprodjo, J. R. and Sugiarto, P. and Anstey, N. M. and Price, R. N.},
   title = {Major burden of severe anemia from non-falciparum malaria species in Southern Papua: a hospital-based surveillance study},
   journal = {PLoS Med},
   volume = {10},
   number = {12},
   pages = {e1001575; discussion e1001575},
   year = {2013},
   type = {Journal Article}
}


@article{ Douglas2014a,
   author = {Douglas, N. M. and Pontororing, G. J. and Lampah, D. A. and Yeo, T. W. and Kenangalem, E. and Poespoprodjo, J. and Ralph, A. P. and Bangs, M. J. and Sugiarto, P. and Anstey, N. M. and Price, R. N.},
   title = {Mortality attributable to Plasmodium vivax malaria: a clinical audit from Papua, Indonesia},
   journal = {BMC Med},
   volume = {12},
   number = {1},
   pages = {217},
   year = {2014},
   type = {Journal Article}
}

@book{ Dronamraju2006,
   author = {Dronamraju, Krishna R. and Arese, Paolo and Haldane, J. B. S.},
   title = {Malaria : genetic and evolutionary aspects},
   publisher = {Springer},
   address = {New York},
   series = {Emerging infectious diseases of the 21st century},
   year = {2006},
   type = {Book}
}

@article{ Efron1977,
   author = {Efron, Bradley},
   title = {The Efficiency of Cox's Likelihood Function for Censored Data},
   journal = {Journal of the American Statistical Association},
   volume = {72},
   number = {359},
   pages = {557-565},
   year = {1977},
   type = {Journal Article}
}

@article{ Elyazar2011,
   author = {Elyazar, I. R. and Hay, S. I. and Baird, J. K.},
   title = {Malaria distribution, prevalence, drug resistance and control in Indonesia},
   journal = {Adv Parasitol},
   volume = {74},
   pages = {41-175},
   year = {2011},
   type = {Journal Article}
}


@article{ Elyazar2012,
   author = {Elyazar, Iqbal R. F. and Gething, Peter W. and Patil, Anand P. and Rogayah, Hanifah and Sariwati, Elvieda and Palupi, Niken W. and Tarmizi, Siti N. and Kusriastuti, Rita and Baird, J. Kevin and Hay, Simon I.},
   title = {Plasmodium vivax Malaria Endemicity in Indonesia in 2010},
   journal = {PLoS ONE},
   volume = {7},
   number = {5},
   pages = {e37325},
   year = {2012},
   type = {Journal Article}
}


@article{ Elyazar2013,
   author = {Elyazar, I. R. and Sinka, M. E. and Gething, P. W. and Tarmidzi, S. N. and Surya, A. and Kusriastuti, R. and Winarno and Baird, J. K. and Hay, S. I. and Bangs, M. J.},
   title = {The distribution and bionomics of anopheles malaria vector mosquitoes in Indonesia},
   journal = {Adv Parasitol},
   volume = {83},
   pages = {173-266},
   year = {2013},
   type = {Journal Article}
}


@article{ Escalante2005,
   author = {Escalante, Ananias A. and Cornejo, Omar E. and Freeland, Denise E. and Poe, Amanda C. and Durrego, Ester and Collins, William E. and Lal, Altaf A.},
   title = {A monkey's tale: The origin of Plasmodium vivax as a human malaria parasite},
   journal = {Proceedings of the National Academy of Sciences of the United States of America},
   volume = {102},
   number = {6},
   pages = {1980-1985},
   year = {2005},
   type = {Journal Article}
}

@article{ Fowkes2008,
   author = {Fowkes, F. J. and Michon, P. and Pilling, L. and Ripley, R. M. and Tavul, L. and Imrie, H. J. and Woods, C. M. and Mgone, C. S. and Luty, A. J. and Day, K. P.},
   title = {Host erythrocyte polymorphisms and exposure to Plasmodium falciparum in Papua New Guinea},
   journal = {Malar J},
   volume = {7},
   pages = {1},
   year = {2008},
   type = {Journal Article}
}

@misc{ Freeport,
   author = {Indonesia, PT Freeport},
   title = {Hospitals & Clinics: The Mitra Masyarakat Hospital (RSMM), accessed: 17 March 2015; available from: http://ptfi.co.id/en/csr/health-program/hospitals-clinics},
   year = {2013},
   type = {Web Page}
}


@article{ Gallup2001,
   author = {Gallup, J. L. and Sachs, J. D.},
   title = {The economic burden of malaria},
   journal = {Am J Trop Med Hyg},
   volume = {64},
   number = {1-2 Suppl},
   pages = {85-96},
   year = {2001},
   type = {Journal Article}
}


@article{ Hanson2010,
   author = {Hanson, Josh and Lee, Sue J. and Mohanty, Sanjib and Faiz, M.A. and Anstey, Nicholas M. and Charunwatthana, Prakay kaew and Yunus, Emran Bin and Mishra, Saroj K. and Tjitra, Emiliana and Price, Ric N. and Rahman, Ridwanur and Nosten, Francois and Htut, Ye and Hoque, Gofranul and Chau, Tran Thi Hong and Phu, Nguyen Hoan and Hien, Tran Tinh and White, Nicholas J. and Day, Nicholas P. J. and Dondorp, Arjen M.},
   title = {A Simple Score to Predict the Outcome of Severe Malaria in Adults},
   journal = {Clinical Infectious Diseases},
   volume = {50},
   number = {5},
   pages = {679-685},
   year = {2010},
   type = {Journal Article}
}

@article{ Hanson2014,
   author = {Hanson, J. and Lee, S. J. and Mohanty, S. and Faiz, M. A. and Anstey, N. M. and Price, R. N. and Charunwatthana, P. and Yunus, E. B. and Mishra, S. K. and Tjitra, E. and Rahman, R. and Nosten, F. and Htut, Y. and Maude, R. J. and Chau, T. T. and Phu, N. H. and Hien, T. T. and White, N. J. and Day, N. P. and Dondorp, A. M.},
   title = {Rapid clinical assessment to facilitate the triage of adults with falciparum malaria, a retrospective analysis},
   journal = {PLoS One},
   volume = {9},
   number = {1},
   year = {2014},
   type = {Journal Article}
}

@article{ Hasugian2007,
   author = {Hasugian, A. R. and Purba, H. L. and Kenangalem, E. and Wuwung, R. M. and Ebsworth, E. P. and Maristela, R. and Penttinen, P. M. and Laihad, F. and Anstey, N. M. and Tjitra, E. and Price, R. N.},
   title = {Dihydroartemisinin-piperaquine versus artesunate-amodiaquine: superior efficacy and posttreatment prophylaxis against multidrug-resistant Plasmodium falciparum and Plasmodium vivax malaria},
   journal = {Clin Infect Dis},
   volume = {44},
   number = {8},
   pages = {1067-74},
   year = {2007},
   type = {Journal Article}
}


@article{ Hay2004,
   author = {Hay, S.I. and Guerra, C.A. and Tatem, A.J. and Noor, A.M. and Snow, R.W.},
   title = {The global distribution and population at risk of malaria: past, present and future},
   journal = {Lancet Infect Dis},
   volume = {4},
   pages = {327-336},
   year = {2004},
   type = {Journal Article}
}

@article{ Hay2010,
   author = {Hay, Simon. I. and Okiro, Emelda. A. and Gething, Peter. W. and Patil, Anand. P. and Tatem, Andrew. J. and Guerra, Carlos. A. and Snow, Robert. W.},
   title = {Estimating the global clinical burden of Plasmodium falciparum malaria in 2007},
   journal = {PLoS Med},
   volume = {7},
   number = {6},
   pages = {e1000290},
   year = {2010},
   type = {Journal Article}
}

@book{Hay2012,
   editor = {Hay, Simon I and Price, Ric N and Baird, John Kevin},
   title = {The epidemiology of plasmodium vivax: history, hiatus and hubris: Part A},
   volume = {80},
   series = {Advances in Parasitology},
   year = {2012},
   type = {Edited Book}
}

@book{Hay2013,
   editor = {Hay, Simon I and Price, Ric N and Baird, John Kevin},
   title = {The epidemiology of plasmodium vivax history hiatus and hubris: Part B},
   volume = {81},
   series = {Advances in Parasitology},
   year = {2013},
   type = {Edited Book}
}


@article{ Hsieh1995,
   author = {Hsieh, F. Y.},
   title = {A Cautionary Note on the Analysis of Extreme Data with Cox Regression},
   journal = {The American Statistician},
   volume = {49},
   number = {2},
   pages = {226-228},
   year = {1995},
   type = {Journal Article}
}


@article{ Hwang2014,
   author = {Hwang, J. and Cullen, K. A. and Kachur, S. P. and Arguin, P. M. and Baird, J. K.},
   title = {Severe morbidity and mortality risk from malaria in the United States, 1985-2011},
   journal = {Open Forum Infect Dis},
   volume = {1},
   number = {1},
   pages = {ofu034},
   year = {2014},
   type = {Journal Article}
}

@Misc{ coefplot,
  author={Ben Jann},
  title={{COEFPLOT: Stata module to plot regression coefficients and other results}},
  year=2013,
  month=Aug,
  howpublished={Statistical Software Components, Boston College Department of Economics},
  url={https://ideas.repec.org/c/boc/bocode/s457686.html},
}

@article{ Jorim2012,
   author = {Jorim, Ronald and Korape, Seva and Legu, Wauwa and Koch, Michael and Barrows, Louis and Matainaho, Teatulohi and Rai, Prem},
   title = {An ethnobotanical survey of medicinal plants used in the eastern highlands of Papua New Guinea},
   journal = {Journal of Ethnobiology and Ethnomedicine},
   volume = {8},
   number = {1},
   pages = {47},
   year = {2012},
   type = {Journal Article}
}

@article{ Karema,
   author = {Karema, C. and Aregawi, M. W. and Rukundo, A. and Kabayiza, A. and Mulindahabi, M. and Fall, I. S. and Gausi, K. and Williams, R. O. and Lynch, M. and Cibulskis, R. and Fidele, N. and Nyemazi, J. P. and Ngamije, D. and Umulisa, I. and Newman, R. and Binagwaho, A.},
   title = {Trends in malaria cases, hospital admissions and deaths following scale-up of anti-malarial interventions, 2000-2010, Rwanda},
   journal = {Malar J},
   volume = {11},
   pages = {236},
   year = {2012},
   type = {Journal Article}
}


@article{ Karyana2008,
   author = {Karyana, M. and Burdarm, L. and Yeung, S. and Kenangalem, E. and Wariker, N. and Maristela, R. and Umana, K. G. and Vemuri, R. and Okoseray, M. J. and Penttinen, P. M. and Ebsworth, P. and Sugiarto, P. and Anstey, N. M. and Tjitra, E. and Price, R. N.},
   title = {Malaria morbidity in Papua Indonesia, an area with multidrug resistant Plasmodium vivax and Plasmodium falciparum},
   journal = {Malar J},
   volume = {7},
   pages = {148},
   year = {2008},
   type = {Journal Article}
}


@misc{ Kaufmann2011,
   author = {Kaufmann, S. H. E. and Rouse, Barry T. and Sacks, David Lawrence and American Society for Microbiology.},
   title = {The Immune response to infection},
   publisher = {ASM Press,},
      year = {2011},
   type = {Electronic Book}
}

@book{ Kirkwood,
   author = {Kirkwood, Betty R.  and Sterne, Jonathan A. C.},
   title = {Essential medical statistics},
   publisher = {Blackwell Science},
   address = {Malden},
   year = {2003},
   type = {Book}
}


@book{ Kleinbaum2012,
   author = {Kleinbaum, David G.},
   title = {Survival analysis [electronic resource] : a self-learning text / David G. Kleinbaum, Mitchel Klein},
   publisher = {Springer},
   address = {New York, NY :},
   edition = {3rd ed.},
   year = {2012},
   type = {Book}
}

@article{ Koepfli2013,
   author = {Koepfli, C. and Colborn, K. L. and Kiniboro, B. and Lin, E. and Speed, T. P. and Siba, P. M. and Felger, I. and Mueller, I.},
   title = {A high force of plasmodium vivax blood-stage infection drives the rapid acquisition of immunity in papua new guinean children},
   journal = {PLoS Negl Trop Dis},
   volume = {7},
   number = {9},
   year = {2013},
   type = {Journal Article}
}

@article{ Lampah2015,
   author = {Lampah, D. A. and Yeo, T. W. and Malloy, M. and Kenangalem, E. and Douglas, N. M. and Ronaldo, D. and Sugiarto, P. and Simpson, J. A. and Poespoprodjo, J. R. and Anstey, N. M. and Price, R. N.},
   title = {Severe malarial thrombocytopenia: a risk factor for mortality in Papua, Indonesia},
   journal = {J Infect Dis},
   volume = {211},
   number = {4},
   pages = {623-34},
   year = {2015},
   type = {Journal Article}
}


@article{ Lanca,
   author = {Lanca, E. F. and Magalhaes, B. M. and Vitor-Silva, S. and Siqueira, A. M. and Benzecry, S. G. and Alexandre, M. A. and O'Brien, C. and Bassat, Q. and Lacerda, M. V.},
   title = {Risk factors and characterization of Plasmodium vivax-associated admissions to pediatric intensive care units in the Brazilian Amazon},
   journal = {PLoS One},
   volume = {7},
   number = {4},
   pages = {e35406},
   year = {2012},
   type = {Journal Article}
}


@article{ Latif2015,
   author = {Latif, I. and Jamal, A.},
   title = {Hematological changes in complete blood picture in paedriatric patients of malaria caused by Plasmodium vivax and falciparum},
   journal = {J Ayub Med Coll Abbottabad},
   volume = {27},
   number = {2},
   pages = {351-5},
   year = {2015},
   type = {Journal Article}
}


@article{ Lense2012,
   author = {Lense, Obed},
   title = {The wild plants used as traditional medicines by indigenous people of Manokwari, West Papua},
   journal = {Biodiversitas},
   year = {2012},
   volume = {13}, 
   number = {2}, 
   pages = {98-106},
   type = {Journal Article}   
}

@article{ Lon2014,
   author = {Lon, C. and Manning, J. E. and Vanachayangkul, P. and So, M. and Sea, D. and Se, Y. and Gosi, P. and Lanteri, C. and Chaorattanakawee, S. and Sriwichai, S. and Chann, S. and Kuntawunginn, W. and Buathong, N. and Nou, S. and Walsh, D. S. and Tyner, S. D. and Juliano, J. J. and Lin, J. and Spring, M. and Bethell, D. and Kaewkungwal, J. and Tang, D. and Chuor, C. M. and Satharath, P. and Saunders, D.},
   title = {Efficacy of two versus three-day regimens of dihydroartemisinin-piperaquine for uncomplicated malaria in military personnel in northern Cambodia: an open-label randomized trial},
   journal = {PLoS One},
   volume = {9},
   number = {3},
   pages = {e93138},
   year = {2014},
   type = {Journal Article}
}


@article{ Looareesuwan1997,
   author = {Looareesuwan, S. and Buchachart, K. and Wilairatana, P. and Chalermrut, K. and Rattanapong, Y. and Amradee, S. and Siripiphat, S. and Chullawichit, S. and Thimasan, K. and Ittiverakul, M. and Triampon, A. and Walsh, D. S.},
   title = {Primaquine-tolerant vivax malaria in Thailand},
   journal = {Ann Trop Med Parasitol},
   volume = {91},
   number = {8},
   pages = {939-43},
   year = {1997},
   type = {Journal Article}
}

@Book{ McGibbon2004,
title = { Plural society in peril : migration, economic change, and the Papua conflict },
author = { McGibbon, Rodd and East-West Center Washington },
url = { http://www.eastwestcenter.org/publications/plural-society-peril-migration-economic-change-and-papua-conflict },
publisher = { Washington, DC : East-West Center Washington },
year = { 2004 },
catalogue-url = { http://trove.nla.gov.au/work/2574411 }
}

@article{ MGEN2014,
   author = {Malaria Genomic Epidemiology Network},
   title = {Reappraisal of known malaria resistance loci in a large multicenter study},
   journal = {Nat Genet},
   volume = {46},
   number = {11},
   pages = {1197-204},
   year = {2014},
   type = {Journal Article}
}


@incollection{ Miranti2013,
   author = {Miranti, Riyana and Vidyattama, Yogi and Hansnata, Erick and Cassells, Rebecca and Dunca, Alan},
   title = {Trends in Poverty and Inequality in Decentralising Indonesia},
   series = {OECD Social, Employment and Migration Working Papers},
   publisher = {OECD Publishing},
   volume = {148},
   url = {http://dx.doi.org/10.1787/5k43bvt2dwjk-en},
   year = {2013}.
   type = {Serial}
}



@article{ Mueller2009,
   author = {Mueller, I. and Galinski, M. R. and Baird, J. K. and Carlton, J. M. and Kochar, D. K. and Alonso, P. L. and del Portillo, H. A.},
   title = {Key gaps in the knowledge of Plasmodium vivax, a neglected human malaria parasite},
   journal = {Lancet Infect Dis},
   volume = {9},
   number = {9},
   pages = {555-66},
   year = {2009},
   type = {Journal Article}
}


@article{ Murray2014,
   author = {Murray, C. J. and Ortblad, K. F. and Guinovart, C. and Lim, S. S. and Wolock, T. M. et al.},
   title = {Global, regional, and national incidence and mortality for HIV, tuberculosis, and malaria during 1990-2013: a systematic analysis for the Global Burden of Disease Study 2013},
   journal = {Lancet},
   volume = {384},
   number = {9947},
   pages = {1005-70},
   year = {2014},
   type = {Journal Article}
}

@article{
   author = {Muwonge, Haruna and Kikomeko, Sharif and Sembajjwe, Larry Fred and Seguya, Abdul and Namugwanya, Christine},
   title = {How Reliable Are Hematological Parameters in Predicting Uncomplicated Plasmodium falciparum Malaria in an Endemic Region?},
   journal = {ISRN Tropical Medicine},
   volume = {2013},
   pages = {9},
   year = {2013},
   type = {Journal Article}
}


@article{ Na-Bangchang2010,
   author = {Na-Bangchang, K. and Ruengweerayut, R. and Mahamad, P. and Ruengweerayut, K. and Chaijaroenkul, W.},
   title = {Declining in efficacy of a three-day combination regimen of mefloquine-artesunate in a multi-drug resistance area along the Thai-Myanmar border},
   journal = {Malar J},
   volume = {9},
   number = {1},
   pages = {273},
   year = {2010},
   type = {Journal Article}
}

@article{ Naing2014,
   author = {Naing, C. and Whittaker, M. A. and Nyunt Wai, V. and Mak, J. W.},
   title = {Is Plasmodium vivax malaria a severe malaria?: a systematic review and meta-analysis},
   journal = {PLoS Negl Trop Dis},
   volume = {8},
   number = {8},
   pages = {e3071},
   year = {2014},
   type = {Journal Article}
}

@article{ Newton2002,
   author = {Newton, Paul N and White, Nicholas J and Rozendaal, Jan A and Green, Michael D},
   title = {Murder by fake drugs},
   journal = {Time for international action},
   volume = {324},
   number = {7341},
   pages = {800-801},
   year = {2002},
   type = {Journal Article}
}


@article{ Newton2013,
   author = {Newton, Paul and Stepniewska, Kasia and Dondorp, Arjen and Silamut, Kamolrat and Chierakul, Wirongrong and Krishna, Sanjeev and Davis, Timothy and Suputtamongkol, Yupin and Angus, Brian and Pukrittayakamee, Sasithon and Ruangveerayuth, Ronnatrai and Hanson, Josh and Day, Nicholas and White, Nicholas},
   title = {Prognostic indicators in adults hospitalized with falciparum malaria in Western Thailand},
   journal = {Malaria Journal},
   volume = {12},
   number = {1},
   pages = {229},
   year = {2013},
   type = {Journal Article}
}

@article{ Owens2015,
   author = {Owens, S.},
   title = {Malaria and the Millennium Development Goals},
   journal = {Arch Dis Child},
   volume = {100 Suppl 1},
   pages = {S53-6},
   year = {2015},
   type = {Journal Article}
}

@article{ Poes2008,
   author = {Poespoprodjo, J. R. and Fobia, W. and Kenangalem, E. and Lampah, D. A. and Warikar, N. and Seal, A. and McGready, R. and Sugiarto, P. and Tjitra, E. and Anstey, N. M. and Price, R. N.},
   title = {Adverse pregnancy outcomes in an area where multidrug-resistant plasmodium vivax and Plasmodium falciparum infections are endemic},
   journal = {Clin Infect Dis},
   volume = {46},
   number = {9},
   pages = {1374-81},
   year = {2008},
   type = {Journal Article}
}

@article{ Poes2009,
   author = {Poespoprodjo, J. R. and Fobia, W. and Kenangalem, E. and Lampah, D. A. and Hasanuddin, A. and Warikar, N. and Sugiarto, P. and Tjitra, E. and Anstey, N. M. and Price, R. N.},
   title = {Vivax malaria: a major cause of morbidity in early infancy},
   journal = {Clin Infect Dis},
   volume = {48},
   number = {12},
   pages = {1704-12},
   year = {2009},
   type = {Journal Article}
}


@article{ Poes2014,
   author = {Poespoprodjo, Jeanne Rini and Fobia, Wendy and Kenangalem, Enny and Lampah, Daniel A. and Sugiarto, Paulus and Tjitra, Emiliana and Anstey, Nicholas M. and Price, Ric N.},
   title = {Dihydroartemisinin-Piperaquine Treatment of Multidrug Resistant Falciparum and Vivax Malaria in Pregnancy},
   journal = {PLoS ONE},
   volume = {9},
   number = {1},
   pages = {e84976},
   year = {2014},
   type = {Journal Article}
}

@article{ Poes2015,
   author = {Poespoprodjo, J. R. and Fobia, W. and Kenangalem, E. and Lampah, D. A. and Sugiarto, P. and Tjitra, E. and Anstey, N. M. and Price, R. N.},
   title = {Treatment policy change to dihydroartemisinin-piperaquine contributes to the reduction of adverse maternal and pregnancy outcomes},
   journal = {Malar J},
   volume = {14},
   pages = {272},
   year = {2015},
   type = {Journal Article}
}


@article{ Pribadi1998,
   author = {Pribadi, W. and Sutanto, I. and Atmosoedjono, S. and Rasidi, R. and Surya, L. K. and Susanto, L.},
   title = {Malaria situation in several villages around Timika, south central Irian Jaya, Indonesia},
   journal = {Southeast Asian J Trop Med Public Health},
   volume = {29},
   number = {2},
   pages = {228-35},
   year = {1998},
   type = {Journal Article}
}


@article{ Price2009,
   author = {Price, R.N. and Douglas, N.M. and Anstey, N.M.},
   title = {New developments in Plasmodium vivax malaria: severe disease and the rise of chloroquine resistance},
   journal = {Curr Opin Infect Dis},
   volume = {22},
   pages = {430-435},
   year = {2009},
   type = {Journal Article}
}

@article{ Price2007,
   author = {Price, R.N. and Tjitra, E. and Guerra, C.A. and Yeung, S. and White, N.J. and Anstey, N.M.},
   title = {Vivax malaria: neglected and not benign},
   journal = {Am J Trop Med Hyg},
   volume = {77},
   pages = {79-87},
   year = {2007},
   type = {Journal Article}
}

@article{ Price2014,
   author = {Price, R. N. and von Seidlein, L. and Valecha, N. and Nosten, F. and Baird, J. K. and White, N. J.},
   title = {Global extent of chloroquine-resistant Plasmodium vivax: a systematic review and meta-analysis},
   journal = {Lancet Infect Dis},
   volume = {14},
   number = {10},
   pages = {982-91},
   year = {2014},
   type = {Journal Article}
}

@article{ Qinghaosu1979,
   author = {{Qinghaosu Antimalaria Coordinating Research Group},},
   title = {Antimalaria studies on qinghaosu},
   journal = {Chin Med J (Engl)},
   volume = {92},
   number = {12},
   pages = {811-6},
   year = {1979},
   type = {Journal Article}
}

@article{ Rahimi2014,
   author = {Rahimi, B. A. and Thakkinstian, A. and White, N. J. and Sirivichayakul, C. and Dondorp, A. M. and Chokejindachai, W.},
   title = {Severe vivax malaria: a systematic review and meta-analysis of clinical studies since 1900},
   journal = {Malar J},
   volume = {13},
   pages = {481},
   year = {2014},
   type = {Journal Article}
}

@article{ Randall2010,
   author = {Randall, L. M. and Kenangalem, E. and Lampah, D. A. and Tjitra, E. and Mwaikambo, E. D. and Handojo, T. and Piera, K. A. and Zhao, Z. Z. and de Labastida Rivera, F. and Zhou, Y. and McSweeney, K. M. and Le, L. and Amante, F. H. and Haque, A. and Stanley, A. C. and Woodberry, T. and Salwati, E. and Granger, D. L. and Hobbs, M. R. and Price, R. N. and Weinberg, J. B. and Montgomery, G. W. and Anstey, N. M. and Engwerda, C. R.},
   title = {Age-related susceptibility to severe malaria associated with galectin-2 in highland Papuans},
   journal = {J Infect Dis},
   volume = {202},
   number = {1},
   pages = {117-24},
   year = {2010},
   type = {Journal Article}
}


@article{ Ratcliff2007,
   author = {Ratcliff, A. and Siswantoro, H. and Kenangalem, E. and Maristela, R. and Wuwung, R. M. and Laihad, F. and Ebsworth, E. P. and Anstey, N. M. and Tjitra, E. and Price, R. N.},
   title = {Two fixed-dose artemisinin combinations for drug-resistant falciparum and vivax malaria in Papua, Indonesia: an open-label randomised comparison},
   journal = {Lancet},
   volume = {369},
   number = {9563},
   pages = {757-765},
   year = {2007},
   type = {Journal Article}
}



@article{ Rogerson2008,
   author = {Rogerson, S.J. and Carter, R.},
   title = {Severe vivax malaria: newly recognised or rediscovered?},
   journal = {PLoS Med},
   volume = {5},
   number = {6},
   pages = {e136},
   year = {2008},
   type = {Journal Article}
}

@book{ Rothman2008,
   author = {Rothman, K and Greenland, S and Lash, T},
   title = {Modern Epidemiology},
   publisher = {Lippincott Williams & Wilkins},
   address = {Philadelphia},
   edition = {3rd},
   year = {2008},
   type = {Book}
}


@book{ Royston2008,
   author = {Royston, Patrick and Sauerbrei, Willi},
   title = {Multivariable model-building : a pragmatic approach to regression analysis based on fractional polynomials for modelling continuous variables},
   publisher = {John Wiley},
   address = {Chichester, England ; Hoboken, NJ},
   series = {Wiley series in probability and statistics},
   year = {2008},
   type = {Book}
}

@book{ Royston2011,
   author = {Royston, Patrick and Lambert, Paul C.},
   title = {Flexible Parametric Survival Analysis Using Stata: Beyond the Cox Model},
   publisher = {Stata Press},
   address = {College Station, Texas},
   year = {2011},
   type = {Book}
}




@article{ Saravu,
   author = {Saravu, K. and Rishikesh, K. and Kamath, A. and Shastry, A. B.},
   title = {Severity in Plasmodium vivax malaria claiming global vigilance and exploration--a tertiary care centre-based cohort study},
   journal = {Malar J},
   volume = {13},
   pages = {304},
   year = {2014},
   type = {Journal Article}
}


@article{ Sharma,
   author = {Sharma, R. and Gohain, S. and Chandra, J. and Kumar, V. and Chopra, A. and Chatterjee, S. and Aneja, S. and Dutta, A. K.},
   title = {Plasmodium vivax malaria admissions and risk of mortality in a tertiary-care children's hospital in North India},
   journal = {Paediatr Int Child Health},
   volume = {32},
   number = {3},
   pages = {152-7},
   year = {2012},
   type = {Journal Article}
}


@article{ Schemper1992,
   author = {Schemper, Michael},
   title = {Cox Analysis of Survival Data with Non-Proportional Hazard Functions},
   journal = {Journal of the Royal Statistical Society. Series D (The Statistician)},
   volume = {41},
   number = {4},
   pages = {455-465},
   year = {1992},
   type = {Journal Article}
}

@book{ Sherman2011,
   author = {Sherman, Irwin W.},
   title = {Magic bullets to conquer malaria from quinine to qinghaosu},
   publisher = {ASM Press},
   pages = {298 p},
   year = {2011},
   type = {Book}
}


@article{ Snow2010,
   author = {Snow, R. W. and Okiro, E. A. and Gething, P. W. and Atun, R. and Hay, S. I.},
   title = {Equity and adequacy of international donor assistance for global malaria control: an analysis of populations at risk and external funding commitments},
   journal = {Lancet},
   volume = {376},
   number = {9750},
   pages = {1409-16},
   year = {2010},
   type = {Journal Article}
}

@misc{ Sofilda2013,
   author = {Sofilda, Eleonora  and Hamzah, Muhammad Zilal and Sholeh, Arip Syaman},
   title = {Human Development and Poverty in Papua Province (An Analysis of Simultaneous Approach on Panel Data Regression)},
   journal = {International Journal of Sustainable Development},
   volume = {6},
   number = {6},
   pages = {51-62},
   year = {2013},
   type = {Journal Article}
}

@book{ Stata,
   author = {StataCorp},
   title = {Stata Statistical Software},
   publisher = { StataCorp LP},
   address = {College Station, TX}
   volume = {Release 13},
   year = {2013},
   type = {Computer Program}
}


@misc{ Statistik2010,
   author = {{Badan Pusat Statistik (Indonesian Bureau of Statistics)}},
   title = {Jumlah Penduduk berdasarkan Jenis Kelamin dan Kelompok Usia, accessed: 11 March 2015; available:   http://data.go.id/dataset/jumlah-penduduk-berdasarkan-jenis-kelamin-dan-kelompok-usia },
   year = {2010},
   type = {Web Page}
}


@misc{ Statistik2014,
   author = {{Badan Pusat Statistik (Indonesian Bureau of Statistics)}},
   title = {Indeks Pembangunan Manusia Provinsi dan Nasional, 1996 - 2013, accessed: 11 March 2015; available:  http://bps.go.id/linkTabelStatis/view/id/1516 },
   year = {2014},
   type = {Web Page}
}

@article{ dataclean,
   author = {Van den Broeck, Jan and Argeseanu Cunningham, Solveig and Eeckels, Roger and Herbst, Kobus},
   title = {Data Cleaning: Detecting, Diagnosing, and Editing Data Abnormalities},
   journal = {PLoS Medicine},
   volume = {2},
   number = {10},
   pages = {e267},
   year = {2005},
   type = {Journal Article}
}

@article{ Daggity,
   author = {Textor, Johannes and Hardt, Juliane and Knüppel, Sven},
   title = {DAGitty: A Graphical Tool for Analyzing Causal Diagrams},
   journal = {Epidemiology},
   volume = {22},
   number = {5},
   pages = {745},
   ISSN = {1044-3983},
   DOI = {10.1097/EDE.0b013e318225c2be},
   url = {http://journals.lww.com/epidem/Fulltext/2011/09000/DAGitty__A_Graphical_Tool_for_Analyzing_Causal.22.aspx},
   year = {2011},
   type = {Journal Article}
}

@incollection{ Tavares2013,
   author = {Tavares, J.C.},
   title = {Malaria},
   booktitle = {Colloquium Series on Integrated Systems Physiology: From Molecule to Function to Disease},
   editor = {Granger, D. Neil and Granger, Joey P.},
   publisher = {Morgan & Claypool Life Sciences},
   volume = {45},
   DOI = {0.4199/C00091ED1V01Y201309ISP045},
   year = {2013}.
   type = {Serial}
}

@book{ Therneau2000,
   author = {Terry M. Therneau, Patricia M. Grambsch},
   title = {Modeling Survival Data: Extending the Cox Model},
   publisher = {Springer Science+Business Media, LLC},
   address = {New York},
   series = {Statistics for Biology and Health},
   year = {2000},
   type = {Book}
}

@article{ Tjitra2008,
   author = {Tjitra, E. and Anstey, N. M. and Sugiarto, P. and Warikar, N. and Kenangalem, E. and Karyana, M. and Lampah, D. A. and Price, R. N.},
   title = {Multidrug-resistant Plasmodium vivax associated with severe and fatal malaria: a prospective study in Papua, Indonesia},
   journal = {PLoS Med},
   volume = {5},
   number = {6},
   pages = {e128},
   year = {2008},
   type = {Journal Article}
}


@article{ Tun2015,
   author = {Tun, Kyaw M. and Imwong, Mallika and Lwin, Khin M. and Win, Aye A. and Hlaing, Tin M. and Hlaing, Thaung and Lin, Khin and Kyaw, Myat P. and Plewes, Katherine and Faiz, M. Abul and Dhorda, Mehul and Cheah, Phaik Yeong and Pukrittayakamee, Sasithon and Ashley, Elizabeth A. and Anderson, Tim J. C. and Nair, Shalini and McDew-White, Marina and Flegg, Jennifer A. and Grist, Eric P. M. and Guerin, Philippe and Maude, Richard J. and Smithuis, Frank and Dondorp, Arjen M. and Day, Nicholas P. J. and Nosten, François and White, Nicholas J. and Woodrow, Charles J.},
   title = {Spread of artemisinin-resistant Plasmodium falciparum in Myanmar: a cross-sectional survey of the K13 molecular marker},
   journal = {The Lancet Infectious Diseases},
   volume = {15},
   number = {4},
   year = {2015},
   type = {Journal Article}
}



@article{ adherence,
   author = {Twagirumukiza, M. and Kayumba, P. C. and Kips, J. G. and Vrijens, B. and Stichele, R. V. and Vervaet, C. and Remon, J. P. and Van Bortel, M. L.},
   title = {Evaluation of medication adherence methods in the treatment of malaria in Rwandan infants},
   journal = {Malar J},
   volume = {9},
   pages = {206},
   year = {2010},
   type = {Journal Article}
}


@article{ White2011,
   author = {White, Nicholas J.},
   title = {Determinants of relapse periodicity in Plasmodium vivax malaria},
   journal = {Malaria Journal},
   volume = {10},
   pages = {297-297},
   year = {2011},
   type = {Journal Article}
}


@book{ WHOGMP2014,
   author = {{World Health Organization and Global Malaria Programme}},
   title = {World malaria report 2014},
   publisher = {{World Health Organization},},
   address = {Geneva},
   year = {2014},
   type = {Book}
}

@article{ Williams2003,
   author = {Williams, Nigel},
   title = {Evolution and disease},
   journal = {Current Biology},
   volume = {13},
   number = {1},
   pages = {R3-R4},
   year = {2003},
   type = {Journal Article}
}

@article{ Zani2014,
   author = {Zani, B. and Gathu, M. and Donegan, S. and Olliaro, P. L. and Sinclair, D.},
   title = {Dihydroartemisinin-piperaquine for treating uncomplicated Plasmodium falciparum malaria},
   journal = {Cochrane Database Syst Rev},
   volume = {1},
   pages = {Cd010927},
   year = {2014},
   type = {Journal Article}
}


@article{ Zimmerman2013,
   author = {Zimmerman, P. A. and Ferreira, M. U. and Howes, R. E. and Mercereau-Puijalon, O.},
   title = {Red blood cell polymorphism and susceptibility to Plasmodium vivax},
   journal = {Adv Parasitol},
   volume = {81},
   pages = {27-76},
   year = {2013},
   type = {Journal Article}
}

